% This file was created with JabRef 2.3.1.
% Encoding: UTF-8

@inproceedings{ma-etal-2020-charbert,
    title = "{C}har{BERT}: Character-aware Pre-trained Language Model",
    author = "Ma, Wentao  and
      Cui, Yiming  and
      Si, Chenglei  and
      Liu, Ting  and
      Wang, Shijin  and
      Hu, Guoping",
    editor = "Scott, Donia  and
      Bel, Nuria  and
      Zong, Chengqing",
    booktitle = "Proceedings of the 28th International Conference on Computational Linguistics",
    month = dec,
    year = "2020",
    address = "Barcelona, Spain (Online)",
    publisher = "International Committee on Computational Linguistics",
    url = "https://aclanthology.org/2020.coling-main.4",
    pages = "39--50"
}

@article{kang2021candidate,
  title={Candidate fusion: Integrating language modelling into a sequence-to-sequence handwritten word recognition architecture},
  author={Kang, Lei and Riba, Pau and Villegas, Mauricio and Forn{\'e}s, Alicia and Rusi{\~n}ol, Mar{\c{c}}al},
  journal={Pattern Recognition},
  volume={112},
  pages={107790},
  year={2021},
  publisher={Elsevier}
}

@inproceedings{dutta2018improving,
  title={Improving {CNN-RNN} hybrid networks for handwriting recognition},
  author={Dutta, Kartik and Krishnan, Praveen and Mathew, Minesh and Jawahar, CV},
  booktitle={2018 16th international conference on frontiers in handwriting recognition ({ICFHR})},
  pages={80--85},
  year={2018},
  organization={IEEE}
}

@article{ehrmann2023named,
  title={Named entity recognition and classification in historical documents: A survey},
  author={Ehrmann, Maud and Hamdi, Ahmed and Pontes, Elvys Linhares and Romanello, Matteo and Doucet, Antoine},
  journal={ACM Computing Surveys},
  volume={56},
  number={2},
  pages={1--47},
  year={2023},
  publisher={ACM New York, NY}
}

@article{philips2020historical,
  title={Historical Document Processing: A Survey of Techniques, Tools, and Trends.},
  author={Philips, James and Tabrizi, Nasseh},
  journal={KDIR},
  pages={341--349},
  year={2020}
}

@article{nguyen2021survey,
  title={Survey of post-{OCR} processing approaches},
  author={Nguyen, Thi Tuyet Hai and Jatowt, Adam and Coustaty, Mickael and Doucet, Antoine},
  journal={ACM Computing Surveys (CSUR)},
  volume={54},
  number={6},
  pages={1--37},
  year={2021},
  publisher={ACM New York, NY, USA}
}

@inproceedings{kettunen2022ocr,
  author    = {Kettunen, Kimmo and Keskustalo, Heikki and Kumpulainen, Sanna and P{\"a}{\"a}kk{\"o}nen, Tuula and Rautiainen, Juha},
  title     = {{OCR} Quality Affects Perceived Usefulness of Historical Newspaper Clippings â€“ A User Study},
  booktitle = {Proceedings of the 18th Italian Research Conference on Digital Libraries (IRCDL 2022)},
  year      = {2022},
  address   = {Padova, Italy},
  publisher = {CEUR Workshop Proceedings},
  series    = {CEUR-WS.org},
  url       = {https://ceur-ws.org/Vol-3160/paper1.pdf}
}

@inproceedings{mokhtar2018ocr,
  title={{OCR} Error Correction: State-of-the-Art vs an {NMT}-based Approach},
  author={Mokhtar, Kareem and Bukhari, Syed Saqib and Dengel, Andreas},
  booktitle={2018 13th IAPR International Workshop on Document Analysis Systems (DAS)},
  pages={429--434},
  year={2018},
  organization={IEEE}
}

@article{karthick2019steps,
  title={Steps involved in text recognition and recent research in {OCR}; a study},
  author={Karthick, Kanagarathinam and Ravindrakumar, KB and Francis, R and Ilankannan, S},
  journal={International Journal of Recent Technology and Engineering},
  volume={8},
  number={1},
  pages={2277--3878},
  year={2019}
}

@article{amrhein2018supervised,
  title={Supervised {OCR} error detection and correction using statistical and neural machine translation methods},
  author={Amrhein, Chantal and Clematide, Simon},
  journal={Journal for Language Technology and Computational Linguistics (JLCL)},
  volume={33},
  number={1},
  pages={49--76},
  year={2018},
  publisher={Gesellschaft f{\"u}r Sprachtechnologie und Computerlinguistik (GSCL)}
}

@inproceedings{liu2009otsu,
  title={Otsu method and {K}-means},
  author={Liu, Dongju and Yu, Jian},
  booktitle={2009 Ninth International conference on hybrid intelligent systems},
  volume={1},
  pages={344--349},
  year={2009},
  organization={IEEE}
}

@inproceedings{zhang2017cnn,
  title={{CNN}-based text image super-resolution tailored for {OCR}},
  author={Zhang, Haochen and Liu, Dong and Xiong, Zhiwei},
  booktitle={2017 IEEE Visual Communications and Image Processing (VCIP)},
  pages={1--4},
  year={2017},
  organization={IEEE}
}

@inproceedings{breuel2013high,
  title={High-performance {OCR} for printed {E}nglish and {F}raktur using {LSTM} networks},
  author={Breuel, Thomas M and Ul-Hasan, Adnan and Al-Azawi, Mayce Ali and Shafait, Faisal},
  booktitle={2013 12th international conference on document analysis and recognition},
  pages={683--687},
  year={2013},
  organization={IEEE}
}

@inproceedings{wang2020cspnet,
  title={{CSPNet}: A new backbone that can enhance learning capability of {CNN}},
  author={Wang, Chien-Yao and Liao, Hong-Yuan Mark and Wu, Yueh-Hua and Chen, Ping-Yang and Hsieh, Jun-Wei and Yeh, I-Hau},
  booktitle={Proceedings of the IEEE/CVF conference on computer vision and pattern recognition workshops},
  pages={390--391},
  year={2020}
}

@inproceedings{graves2006connectionist,
  title={Connectionist temporal classification: labelling unsegmented sequence data with recurrent neural networks},
  author={Graves, Alex and Fern{\'a}ndez, Santiago and Gomez, Faustino and Schmidhuber, J{\"u}rgen},
  booktitle={Proceedings of the 23rd international conference on Machine learning},
  pages={369--376},
  year={2006}
}

@inproceedings{huang2021multiplexed,
  title={A multiplexed network for end-to-end, multilingual {OCR}},
  author={Huang, Jing and Pang, Guan and Kovvuri, Rama and Toh, Mandy and Liang, Kevin J and Krishnan, Praveen and Yin, Xi and Hassner, Tal},
  booktitle={Proceedings of the IEEE/CVF conference on computer vision and pattern recognition},
  pages={4547--4557},
  year={2021}
}

@inproceedings{neudecker2019ocr,
  title={{OCR-D}: An end-to-end open source {OCR} framework for historical printed documents},
  author={Neudecker, Clemens and Baierer, Konstantin and Federbusch, Maria and Boenig, Matthias and W{\"u}rzner, Kay-Michael and Hartmann, Volker and Herrmann, Elisa},
  booktitle={Proceedings of the 3rd international conference on digital access to textual cultural heritage},
  pages={53--58},
  year={2019}
}

@article{belay2020amharic,
  title={Amharic {OCR}: an end-to-end learning},
  author={Belay, Birhanu and Habtegebrial, Tewodros and Meshesha, Million and Liwicki, Marcus and Belay, Gebeyehu and Stricker, Didier},
  journal={Applied Sciences},
  volume={10},
  number={3},
  pages={1117},
  year={2020},
  publisher={MDPI}
}

@inproceedings{smith2007overview,
  title={An overview of the Tesseract {OCR} engine},
  author={Smith, Ray},
  booktitle={Ninth international conference on document analysis and recognition (ICDAR 2007)},
  volume={2},
  pages={629--633},
  year={2007},
  organization={IEEE}
}

@inproceedings{kahle2017transkribus,
  title={Transkribus - a service platform for transcription, recognition and retrieval of historical documents},
  author={Kahle, Philip and Colutto, Sebastian and Hackl, G{\"u}nter and M{\"u}hlberger, G{\"u}nter},
  booktitle={2017 14th IAPR International Conference on Document Analysis and Recognition (ICDAR)},
  volume={4},
  pages={19--24},
  year={2017},
  organization={IEEE}
}

@inproceedings{marti1999full,
  title={A full {English} sentence database for off-line handwriting recognition},
  author={Marti, U-V and Bunke, Horst},
  booktitle={Proceedings of the Fifth International Conference on Document Analysis and Recognition. ICDAR'99 (Cat. No. PR00318)},
  pages={705--708},
  year={1999},
  organization={IEEE}
}

@inproceedings{devlin-etal-2019-bert,
    title = "{BERT}: Pre-training of Deep Bidirectional Transformers for Language Understanding",
    author = "Devlin, Jacob  and
      Chang, Ming-Wei  and
      Lee, Kenton  and
      Toutanova, Kristina",
    editor = "Burstein, Jill  and
      Doran, Christy  and
      Solorio, Thamar",
    booktitle = "Proceedings of the 2019 Conference of the North {A}merican Chapter of the Association for Computational Linguistics: Human Language Technologies, Volume 1 (Long and Short Papers)",
    month = jun,
    year = "2019",
    address = "Minneapolis, Minnesota",
    publisher = "Association for Computational Linguistics",
    url = "https://aclanthology.org/N19-1423",
    pages = "4171--4186"
}

@inproceedings{sennrich2015neural,
    title = "Neural Machine Translation of Rare Words with Subword Units",
    author = "Sennrich, Rico  and
      Haddow, Barry  and
      Birch, Alexandra",
    editor = "Erk, Katrin  and
      Smith, Noah A.",
    booktitle = "Proceedings of the 54th Annual Meeting of the Association for Computational Linguistics (Volume 1: Long Papers)",
    month = aug,
    year = "2016",
    address = "Berlin, Germany",
    publisher = "Association for Computational Linguistics",
    url = "https://aclanthology.org/P16-1162",
    pages = "1715--1725"
}

@inproceedings{dosovitskiy2021an,
title={An Image is Worth 16x16 Words: Transformers for Image Recognition at Scale},
author={Alexey Dosovitskiy and Lucas Beyer and Alexander Kolesnikov and Dirk Weissenborn and Xiaohua Zhai and Thomas Unterthiner and Mostafa Dehghani and Matthias Minderer and Georg Heigold and Sylvain Gelly and Jakob Uszkoreit and Neil Houlsby},
booktitle={International Conference on Learning Representations},
year={2021},
url={https://openreview.net/forum?id=YicbFdNTTy}
}

@inproceedings{touvron2021training,
  title={Training data-efficient image transformers \& distillation through attention},
  author={Touvron, Hugo and Cord, Matthieu and Douze, Matthijs and Massa, Francisco and Sablayrolles, Alexandre and J{\'e}gou, Herv{\'e}},
  booktitle={International conference on machine learning},
  pages={10347--10357},
  year={2021},
  organization={PMLR}
}

@inproceedings{bao2022beit,
title={{BEiT}: {BERT} Pre-Training of Image Transformers},
author={Hangbo Bao and Li Dong and Songhao Piao and Furu Wei},
booktitle={International Conference on Learning Representations},
year={2022},
url={https://openreview.net/forum?id=p-BhZSz59o4}
}

@article{liu2019roberta,
  title={{RoBERTa}: A robustly optimized {BERT} pretraining approach},
  author={Liu, Yinhan and Ott, Myle and Goyal, Naman and Du, Jingfei and Joshi, Mandar and Chen, Danqi and Levy, Omer and Lewis, Mike and Zettlemoyer, Luke and Stoyanov, Veselin},
  journal={arXiv preprint arXiv:1907.11692},
  year={2019}
}

@article{wang2020minilm,
  title={Minilm: Deep self-attention distillation for task-agnostic compression of pre-trained transformers},
  author={Wang, Wenhui and Wei, Furu and Dong, Li and Bao, Hangbo and Yang, Nan and Zhou, Ming},
  journal={Advances in Neural Information Processing Systems},
  volume={33},
  pages={5776--5788},
  year={2020}
}

@inproceedings{dey2017gate,
  title={Gate-variants of gated recurrent unit ({GRU}) neural networks},
  author={Dey, Rahul and Salem, Fathi M},
  booktitle={2017 IEEE 60th international midwest symposium on circuits and systems (MWSCAS)},
  pages={1597--1600},
  year={2017},
  organization={IEEE}
}

@article{fischer2012lexicon,
  title={Lexicon-free handwritten word spotting using character {HMM}s},
  author={Fischer, Andreas and Keller, Andreas and Frinken, Volkmar and Bunke, Horst},
  journal={Pattern recognition letters},
  volume={33},
  number={7},
  pages={934--942},
  year={2012},
  publisher={Elsevier}
}

@inproceedings{grosicki2011icdar,
  title={{ICDAR} 2011-{F}rench handwriting recognition competition},
  author={Grosicki, Emmanuele and El-Abed, Haikal},
  booktitle={2011 International Conference on Document Analysis and Recognition},
  pages={1459--1463},
  year={2011},
  organization={IEEE}
}

@inproceedings{huang2019icdar2019,
  title={{ICDAR} 2019 competition on scanned receipt {OCR} and information extraction},
  author={Huang, Zheng and Chen, Kai and He, Jianhua and Bai, Xiang and Karatzas, Dimosthenis and Lu, Shijian and Jawahar, CV},
  booktitle={2019 International Conference on Document Analysis and Recognition ({ICDAR})},
  pages={1516--1520},
  year={2019},
  organization={IEEE}
}

@article{vaswani2017attention,
  title={Attention is all you need},
  author={Vaswani, Ashish and Shazeer, Noam and Parmar, Niki and Uszkoreit, Jakob and Jones, Llion and Gomez, Aidan N and Kaiser, {\L}ukasz and Polosukhin, Illia},
  journal={Advances in neural information processing systems},
  volume={30},
  year={2017}
}

@article{singh2012survey,
  title={A survey of {OCR} applications},
  author={Singh, Amarjot and Bacchuwar, Ketan and Bhasin, Akshay},
  journal={International Journal of Machine Learning and Computing},
  volume={2},
  number={3},
  pages={314},
  year={2012},
  publisher={IACSIT Press}
}

@article{klakow2002testing,
  title={Testing the correlation of word error rate and perplexity},
  author={Klakow, Dietrich and Peters, Jochen},
  journal={Speech Communication},
  volume={38},
  number={1-2},
  pages={19--28},
  year={2002},
  publisher={Elsevier}
}

@inproceedings{wang2003word,
  title={Is word error rate a good indicator for spoken language understanding accuracy},
  author={Wang, Ye-Yi and Acero, Alex and Chelba, Ciprian},
  booktitle={2003 IEEE workshop on automatic speech recognition and understanding (IEEE Cat. No. 03EX721)},
  pages={577--582},
  year={2003},
  organization={IEEE}
}

@inproceedings{li2023trocr,
  title={{TROCR}: Transformer-based optical character recognition with pre-trained models},
  author={Li, Minghao and Lv, Tengchao and Chen, Jingye and Cui, Lei and Lu, Yijuan and Florencio, Dinei and Zhang, Cha and Li, Zhoujun and Wei, Furu},
  booktitle={Proceedings of the AAAI Conference on Artificial Intelligence},
  volume={37},
  number={11},
  pages={13094--13102},
  year={2023}
}

@article{shi2018aster,
  title={{ASTER}: An attentional scene text recognizer with flexible rectification},
  author={Shi, Baoguang and Yang, Mingkun and Wang, Xinggang and Lyu, Pengyuan and Yao, Cong and Bai, Xiang},
  journal={IEEE transactions on pattern analysis and machine intelligence},
  volume={41},
  number={9},
  pages={2035--2048},
  year={2018},
  publisher={IEEE}
}

@inproceedings{liu2016star,
  title={Star-net: a spatial attention residue network for scene text recognition.},
  author={Liu, Wei and Chen, Chaofeng and Wong, Kwan-Yee K and Su, Zhizhong and Han, Junyu},
  booktitle={BMVC},
  volume={2},
  pages={7},
  year={2016}
}

@article{hochreiter1997long,
  title={Long short-term memory},
  author={Hochreiter, Sepp and Schmidhuber, J{\"u}rgen},
  journal={Neural computation},
  volume={9},
  number={8},
  pages={1735--1780},
  year={1997},
  publisher={MIT press}
}

@misc{radford2018improving,
  title        = {Improving language understanding by generative pre-training},
  author       = {Radford, Alec and Narasimhan, Karthik and Salimans, Tim and Sutskever, Ilya and others},
  year         = {2018},
  howpublished = {OpenAI White Paper},
  url = {https://d4mucfpksywv.cloudfront.net/better-language-models/language-models.pdf}
}

@article{kurar2020learning,
  title={Learning-free text line segmentation for historical handwritten documents},
  author={Kurar Barakat, Berat and Cohen, Rafi and Droby, Ahmad and Rabaev, Irina and El-Sana, Jihad},
  journal={Applied Sciences},
  volume={10},
  number={22},
  pages={8276},
  year={2020},
  publisher={MDPI}
}

@book{smith2013essentials,
  title={Essentials of early English: Old, middle and early modern English},
  author={Smith, Jeremy J},
  year={2013},
  publisher={Routledge}
}

@article{karthikeyan2021ocr,
  title={An {OCR} post-correction approach using deep learning for processing medical reports},
  author={Karthikeyan, Srinidhi and de Herrera, Alba G Seco and Doctor, Faiyaz and Mirza, Asim},
  journal={{IEEE} Transactions on Circuits and Systems for Video Technology},
  volume={32},
  number={5},
  pages={2574--2581},
  year={2021},
  publisher={IEEE}
}

@inproceedings{glorot2010understanding,
  title={Understanding the difficulty of training deep feedforward neural networks},
  author={Glorot, Xavier and Bengio, Yoshua},
  booktitle={Proceedings of the thirteenth international conference on artificial intelligence and statistics},
  pages={249--256},
  year={2010},
  organization={JMLR Workshop and Conference Proceedings}
}

@article{Kingma2014AdamAM,
  title={{Adam}: A Method for Stochastic Optimization},
  author={Diederik P. Kingma and Jimmy Ba},
  journal={CoRR},
  year={2014},
  volume={abs/1412.6980},
  url={https://api.semanticscholar.org/CorpusID:6628106}
}

@article{laroca2022,
  title={On the Cross-dataset Generalization in License Plate Recognition},
  author={Rayson Laroca and Everton VIlhena Cardoso and Diego Rafael Lucio and Valter Estevam and D. Menotti},
  booktitle={VISIGRAPP},
  year={2022},
  url={https://api.semanticschlar.org/CorpusID:245650512}
}

@misc{20.500.14106/2507,
title = {A Corpus of English Dialogues 1560-1760 ({CED})},
author = {Kyt{\"o}, Merja and Culpeper, Jonathan},
url = {http://hdl.handle.net/20.500.14106/2507},
note = {Literary and Linguistic Data Service},
copyright = {Available for non-commercial use on condition that this header is included in its entirety with any copy distributed. Registration or request via our order form is required.},
year = {2006} }

@misc{20.500.14106/2021,
title = {Pamphlets of the American Revolution : [selections] / edited by Bernard Bailyn},
author = {Literary and Linguistic Data Service},
url = {http://hdl.handle.net/20.500.14106/2021},
note = {Literary and Linguistic Data Service},
copyright = {Distributed by the University of Oxford under a Creative Commons Attribution-{NonCommercial}-{ShareAlike} 3.0 Unported License.},
year = {1994} }

@misc{20.500.14106/2510,
title = {Parsed Corpus of Early English Correspondence ({PCEEC})},
author = {Nevalainen, Terttu and Raumolin-Brunberg, Helena and Ker{\"a}nen, Jukka and Nevala, Minna and Nurmi, Arja and Palander-Collin, Minna and Taylor, Ann and Pintzuk, Susan and Warner, Anthony},
url = {http://hdl.handle.net/20.500.14106/2510},
note = {Literary and Linguistic Data Service},
copyright = {Use of this resource is restricted in some manner. Usually this means that it is available for non-commercial use only with prior permission of the depositor and on condition that this header is included in its entirety with any copy distributed.},
year = {2006} }

@inproceedings{kermes2016royal,
  title={The royal society corpus: From uncharted data to corpus},
  author={Kermes, Hannah and Degaetano-Ortlieb, Stefania and Khamis, Ashraf and Knappen, J{\"o}rg and Teich, Elke},
  booktitle={Proceedings of the Tenth International Conference on Language Resources and Evaluation (LREC'16)},
  pages={1928--1931},
  year={2016}
}

@misc{20.500.14106/2468,
title = {The English language of the north-west in the late Modern English period: a Corpus of late 18c Prose},
author = {Literary and Linguistic Data Service},
url = {http://hdl.handle.net/20.500.14106/2468},
note = {Literary and Linguistic Data Service},
copyright = {Use of this resource is restricted in some manner. Usually this means that it is available for non-commercial use only with prior permission of the depositor and on condition that this header is included in its entirety with any copy distributed.},
year = {2003} }

@misc{20.500.14106/3193,
title = {The Lampeter Corpus of {Early Modern English} Tracts},
author = {Literary and Linguistic Data Service},
url = {http://hdl.handle.net/20.500.14106/3193},
note = {Literary and Linguistic Data Service},
copyright = {Distributed by the University of Oxford under a Creative Commons Attribution-{ShareAlike} 3.0 Unported License}
}

@misc{hubernisselpuga2016,
  author       = {Magnus Huber and Magnus Nissel and Karin Puga},
  title        = {Old Bailey Corpus 2.0},
  year         = {2016},
  howpublished = {\url{hdl:11858/00-246C-0000-0023-8CFB-2}},
  note         = {Licensed under a Creative Commons Attribution-NonCommercial-ShareAlike 4.0 International License}
}
