% This file was created with JabRef 2.3.1.
% Encoding: UTF-8

@article{ma2020charbert,
  title={CharBERT: character-aware pre-trained language model},
  author={Ma, Wentao and Cui, Yiming and Si, Chenglei and Liu, Ting and Wang, Shijin and Hu, Guoping},
  journal={arXiv preprint arXiv:2011.01513},
  year={2020}
}

@article{kang2021candidate,
  title={Candidate fusion: Integrating language modelling into a sequence-to-sequence handwritten word recognition architecture},
  author={Kang, Lei and Riba, Pau and Villegas, Mauricio and Forn{\'e}s, Alicia and Rusi{\~n}ol, Mar{\c{c}}al},
  journal={Pattern Recognition},
  volume={112},
  pages={107790},
  year={2021},
  publisher={Elsevier}
}